<record xmlns="http://www.loc.gov/MARC21/slim" xmlns:xsi="http://www.w3.org/2001/XMLSchema-instance" xsi:schemaLocation="http://www.loc.gov/MARC21/slim http://www.loc.gov/standards/marcxml/schema/MARC21slim.xsd"><leader>     nam a22        4500</leader><controlfield tag="001">1681402</controlfield><controlfield tag="003">NIC</controlfield><controlfield tag="006">m        d        </controlfield><controlfield tag="007">cr cn |||m|||a</controlfield><controlfield tag="008">150323s1923    sy      o     000 0 ara d</controlfield><datafield ind1=" " ind2=" " tag="040"><subfield code="a">NNU</subfield><subfield code="b">eng</subfield><subfield code="c">NNU</subfield></datafield><datafield ind1="1" ind2=" " tag="100"><subfield code="6">880-01</subfield><subfield code="a">Ba&#772;ni&#772;, Muh&#803;ammad Sa&#699;i&#772;d. </subfield></datafield><datafield ind1="1" ind2="0" tag="245"><subfield code="6">880-02</subfield><subfield code="a">&#699;Umdat al-tah&#803;qi&#772;q fi&#772; al-taqli&#772;d wa-al-talfi&#772;q</subfield><subfield code="h">[electronic resource] :</subfield><subfield code="b">wa-huwa fari&#772;dah waji&#772;zat al-mabna&#769; ... /</subfield><subfield code="c">athar Muh&#803;ammad Sa&#699;i&#772;d al-Ba&#772;ni&#772;.</subfield></datafield><datafield ind1=" " ind2=" " tag="260"><subfield code="6">880-03</subfield><subfield code="a">Dimashq :</subfield><subfield code="b">Mat&#803;ba&#699;at al-H&#803;uku&#772;mah,</subfield><subfield code="c">1923.</subfield></datafield><datafield ind1=" " ind2=" " tag="300"><subfield code="a">online resource (217, 9 p.)</subfield></datafield><datafield ind1=" " ind2=" " tag="500"><subfield code="a">"Wa-qad dhuyyilat bi-h&#803;awa&#772;shin mufi&#772;dah bi-qalam al-mu&#700;allif."</subfield></datafield><datafield ind1=" " ind2=" " tag="500"><subfield code="a">Part of the Arabic Collections Online (ACO) project, contributed by Cornell University Libraries.</subfield></datafield><datafield ind1=" " ind2=" " tag="533"><subfield code="a">Electronic reproduction.</subfield><subfield code="b">New York, N.Y. :</subfield><subfield code="c">New York University,</subfield><subfield code="d">2015.</subfield><subfield code="5">NNU</subfield></datafield><datafield ind1=" " ind2="0" tag="650"><subfield code="a">Islamic law</subfield><subfield code="x">Interpretation and construction.</subfield></datafield><datafield ind1=" " ind2="7" tag="650"><subfield code="a">Islamic law</subfield><subfield code="x">Interpretation and construction.</subfield><subfield code="2">fast</subfield><subfield code="0">(OCoLC)fst00979955</subfield></datafield><datafield ind1="2" ind2=" " tag="710"><subfield code="a">Cornell University.</subfield><subfield code="b">Libraries.</subfield></datafield><datafield ind1="0" ind2=" " tag="730"><subfield code="a">Arabic Collections Online.</subfield></datafield><datafield ind1="0" ind2="8" tag="776"><subfield code="i">Print version:</subfield><subfield code="a">Ba&#772;ni&#772;, Muh&#803;ammad Sa&#699;i&#772;d.</subfield><subfield code="t">&#699;Umdat al-tah&#803;qi&#772;q fi&#772; al-taqli&#772;d wa-al-talfi&#772;q</subfield><subfield code="w">(NIC)1681402</subfield><subfield code="w">(OCoLC)63979465</subfield></datafield><datafield ind1="4" ind2="0" tag="856"><subfield code="u">http://hdl.handle.net/2333.1/98sf7pbs</subfield></datafield><datafield ind1="1" ind2=" " tag="880"><subfield code="6">100-01/r</subfield><subfield code="a">&#1576;&#1575;&#1606;&#1610;&#1548; &#1605;&#1581;&#1605;&#1583; &#1587;&#1593;&#1610;&#1583;. </subfield></datafield><datafield ind1="1" ind2="0" tag="880"><subfield code="6">245-02/r</subfield><subfield code="a">&#1593;&#1605;&#1583;&#1577; &#1575;&#1604;&#1578;&#1581;&#1602;&#1610;&#1602; &#1601;&#1610; &#1575;&#1604;&#1578;&#1602;&#1604;&#1610;&#1583; &#1608;&#1575;&#1604;&#1578;&#1604;&#1601;&#1610;&#1602; :</subfield><subfield code="b">&#1608;&#1607;&#1608; &#1601;&#1585;&#1610;&#1583;&#1577; &#1608;&#1580;&#1610;&#1586;&#1577; &#1575;&#1604;&#1605;&#1576;&#1606;&#1609; ... /</subfield><subfield code="c">&#1575;&#1579;&#1585; &#1605;&#1581;&#1605;&#1583; &#1587;&#1593;&#1610;&#1583; &#1575;&#1604;&#1576;&#1575;&#1606;&#1610;.</subfield></datafield><datafield ind1=" " ind2=" " tag="880"><subfield code="6">260-03/r</subfield><subfield code="a">&#1583;&#1605;&#1588;&#1602; :</subfield><subfield code="b">&#1605;&#1591;&#1576;&#1593;&#1577; &#1575;&#1604;&#1581;&#1603;&#1608;&#1605;&#1577;&#1548;</subfield><subfield code="c">1923.</subfield></datafield><datafield ind1=" " ind2=" " tag="959"><subfield code="a">NNU</subfield><subfield code="b">WEB</subfield><subfield code="c">GENI</subfield><subfield code="t">0</subfield><subfield code="m">Electronic access</subfield><subfield code="s">01</subfield></datafield><datafield ind1=" " ind2=" " tag="999"><subfield code="i">NIC_1681402</subfield><subfield code="o">(OCoLC)ocm63979465</subfield><subfield code="s">cornell_aco000287</subfield><subfield code="e">(ERROR-880)</subfield><subfield code="s">cornell_aco000287</subfield></datafield></record>